<record xmlns='http://www.loc.gov/MARC21/slim'><leader>01439ctaaa2200325Mi 4500</leader><controlfield tag='001'>9959060243506421</controlfield><controlfield tag='005'>20200925232624.0</controlfield><controlfield tag='008'>090828q16581659xx            000 0 ara d</controlfield><datafield ind1=' ' ind2=' ' tag='035'><subfield code='a'>(OCoLC)ocn436109995</subfield></datafield><datafield ind1=' ' ind2=' ' tag='035'><subfield code='a'>5906024</subfield></datafield><datafield ind1=' ' ind2=' ' tag='035'><subfield code='a'>(OCoLC)436109995</subfield></datafield><datafield ind1=' ' ind2=' ' tag='035'><subfield code='a'>(NjP)5906024-princetondb</subfield></datafield><datafield ind1=' ' ind2=' ' tag='040'><subfield code='a'>NjP</subfield><subfield code='c'>PUL</subfield><subfield code='e'>amremm</subfield><subfield code='d'>PUL</subfield></datafield><datafield ind1=' ' ind2=' ' tag='066'><subfield code='c'>(3</subfield></datafield><datafield ind1='0' ind2='0' tag='245'><subfield code='6'>880-01</subfield><subfield code='a'>Sharḥ Ṣughrá al-Sanūsī.</subfield></datafield><datafield ind1=' ' ind2=' ' tag='260'><subfield code='c'>[1658 or 9]</subfield></datafield><datafield ind1=' ' ind2=' ' tag='500'><subfield code='a'>Title from f. 1a.</subfield></datafield><datafield ind1=' ' ind2=' ' tag='500'><subfield code='a'>Author listed on fol. 1a as al-Shaykh al-Madāfī al-Zadʻamī (?).</subfield></datafield><datafield ind1=' ' ind2=' ' tag='500'><subfield code='a'>Original text in red.</subfield></datafield><datafield ind1=' ' ind2=' ' tag='500'><subfield code='a'>Dated 1069 AH (1658 or 9) (fol. 23a).</subfield></datafield><datafield ind1='8' ind2=' ' tag='520'><subfield code='a'>A commentary on Sanūsī&apos;s doctrinal work, Umm al-barāhīn.</subfield></datafield><datafield ind1='1' ind2='0' tag='600'><subfield code='6'>880-02</subfield><subfield code='a'>Sanūsī, Muḥammad ibn Yūsuf,</subfield><subfield code='d'>approximately 1427-approximately 1490.</subfield><subfield code='t'>Umm al-barāhīn.</subfield></datafield><datafield ind1=' ' ind2='0' tag='650'><subfield code='a'>Islam</subfield><subfield code='x'>Doctrines</subfield><subfield code='v'>Early works to 1800.</subfield><subfield code='0'>http://id.loc.gov/authorities/subjects/sh87000152</subfield></datafield><datafield ind1=' ' ind2='7' tag='655'><subfield code='a'>Manuscripts, Arabic</subfield><subfield code='y'>17th century.</subfield><subfield code='2'>lcsh</subfield></datafield><datafield ind1=' ' ind2='7' tag='655'><subfield code='a'>Manuscripts, Arabic.</subfield><subfield code='2'>lcsh</subfield></datafield><datafield ind1='1' ind2='2' tag='700'><subfield code='6'>880-03</subfield><subfield code='a'>Sanūsī, Muḥammad ibn Yūsuf,</subfield><subfield code='d'>approximately 1427-approximately 1490.</subfield><subfield code='t'>Umm al-barāhīn.</subfield></datafield><datafield ind1='0' ind2=' ' tag='773'><subfield code='t'>[Collection of five Arabic texts].</subfield><subfield code='g'>3a-23a</subfield><subfield code='w'>9959059663506421</subfield></datafield><datafield ind1='0' ind2='0' tag='880'><subfield code='6'>245-01/(3/r</subfield><subfield code='a'>شرح صغرى السنوسي.</subfield></datafield><datafield ind1='1' ind2='4' tag='880'><subfield code='6'>600-02/(3/r</subfield><subfield code='a'>سنوسي، محمد بن يوسف.</subfield><subfield code='t'>ام البراهين.</subfield></datafield><datafield ind1='1' ind2='2' tag='880'><subfield code='6'>700-03/(3/r</subfield><subfield code='a'>سنوسي، محمد بن يوسف.</subfield><subfield code='t'>ام البراهين.</subfield></datafield><datafield ind1=' ' ind2=' ' tag='999'><subfield code='a'>5906024</subfield></datafield><datafield ind1=' ' ind2=' ' tag='INT'><subfield code='a'>P</subfield></datafield><datafield ind1=' ' ind2=' ' tag='INST'><subfield code='a'>01PRI_INST</subfield></datafield><datafield ind1=' ' ind2=' ' tag='AVA'><subfield code='0'>9959059663506421</subfield><subfield code='8'>2286240750006421</subfield><subfield code='a'>01PRI_INST</subfield><subfield code='b'>rare</subfield><subfield code='c'>Manuscripts</subfield><subfield code='d'>Islamic Manuscripts, Third Series no. 99</subfield><subfield code='e'>available</subfield><subfield code='f'>1</subfield><subfield code='g'>0</subfield><subfield code='j'>hsvm</subfield><subfield code='k'>8</subfield><subfield code='p'>1</subfield><subfield code='q'>Special Collections</subfield></datafield><datafield ind1=' ' ind2=' ' tag='AVA'><subfield code='0'>9959060243506421</subfield><subfield code='8'>22268293190006421</subfield><subfield code='a'>01PRI_INST</subfield><subfield code='b'>rare</subfield><subfield code='c'>Manuscripts</subfield><subfield code='d'>Islamic Manuscripts, Third Series no. 99</subfield><subfield code='e'>check_holdings</subfield><subfield code='j'>hsvm</subfield><subfield code='k'>8</subfield><subfield code='p'>2</subfield><subfield code='q'>Special Collections</subfield></datafield></record>